[gd_resource type="Theme" load_steps=35 format=3 uid="uid://csq1vknn1lpw0"]

[ext_resource type="Texture2D" uid="uid://doo1wr1kwtqmj" path="res://components/ui/themes/soft_minimalistic/textures/soft_minimalistic_gui_elements.png" id="1_oeel7"]
[ext_resource type="StyleBox" uid="uid://cqquf83nqnbrp" path="res://components/ui/themes/soft_minimalistic/textures/hslider_grabber_area.tres" id="2_a1155"]
[ext_resource type="FontFile" uid="uid://cn1r5r81n6g3f" path="res://components/ui/themes/soft_minimalistic/fonts/RobotoSlab[wght].ttf" id="3_lf0g3"]
[ext_resource type="FontFile" uid="uid://cvx8y0e1rt6ld" path="res://components/ui/themes/soft_minimalistic/fonts/Roboto-Regular.ttf" id="4_sqdwu"]
[ext_resource type="StyleBox" uid="uid://c1moq7lnak82s" path="res://components/ui/themes/soft_minimalistic/textures/line_edit_style_box.tres" id="4_vyn3m"]
[ext_resource type="StyleBox" uid="uid://dxilv40tumk2v" path="res://components/ui/themes/soft_minimalistic/textures/progress_bar_style.tres" id="5_e7nc4"]

[sub_resource type="AtlasTexture" id="AtlasTexture_plras"]
atlas = ExtResource("1_oeel7")
region = Rect2(448, 480, 288, 48)

[sub_resource type="StyleBoxTexture" id="StyleBoxTexture_1ydfs"]
texture = SubResource("AtlasTexture_plras")
texture_margin_left = 8.0
texture_margin_top = 8.0
texture_margin_right = 8.0
texture_margin_bottom = 8.0
modulate_color = Color(0.0431373, 0.0431373, 0.0431373, 1)

[sub_resource type="AtlasTexture" id="AtlasTexture_sce2g"]
atlas = ExtResource("1_oeel7")
region = Rect2(48, 224, 176, 64)

[sub_resource type="StyleBoxTexture" id="StyleBoxTexture_6kmrq"]
texture = SubResource("AtlasTexture_sce2g")
texture_margin_left = 8.0
texture_margin_top = 16.0
texture_margin_right = 16.0
texture_margin_bottom = 16.0
modulate_color = Color(1, 0.572549, 0.505882, 1)

[sub_resource type="AtlasTexture" id="AtlasTexture_yf1wi"]
atlas = ExtResource("1_oeel7")
region = Rect2(48, 128, 176, 64)

[sub_resource type="StyleBoxTexture" id="StyleBoxTexture_bh7eu"]
texture = SubResource("AtlasTexture_yf1wi")
texture_margin_left = 8.0
texture_margin_top = 16.0
texture_margin_right = 16.0
texture_margin_bottom = 16.0
modulate_color = Color(0.0627451, 0.0627451, 0.0627451, 1)

[sub_resource type="AtlasTexture" id="AtlasTexture_qfp12"]
atlas = ExtResource("1_oeel7")
region = Rect2(48, 128, 176, 64)

[sub_resource type="StyleBoxTexture" id="StyleBoxTexture_t2h07"]
texture = SubResource("AtlasTexture_qfp12")
texture_margin_left = 8.0
texture_margin_top = 16.0
texture_margin_right = 16.0
texture_margin_bottom = 16.0
modulate_color = Color(0, 0, 0, 1)

[sub_resource type="AtlasTexture" id="AtlasTexture_1ntfy"]
atlas = ExtResource("1_oeel7")
region = Rect2(48, 128, 176, 64)

[sub_resource type="StyleBoxTexture" id="StyleBoxTexture_8ol8n"]
texture = SubResource("AtlasTexture_1ntfy")
texture_margin_left = 8.0
texture_margin_top = 16.0
texture_margin_right = 16.0
texture_margin_bottom = 16.0
modulate_color = Color(1, 0.572549, 0.505882, 1)

[sub_resource type="AtlasTexture" id="AtlasTexture_xg4ni"]
atlas = ExtResource("1_oeel7")
region = Rect2(32, 416, 32, 32)

[sub_resource type="AtlasTexture" id="AtlasTexture_7c63j"]
atlas = ExtResource("1_oeel7")
region = Rect2(96, 416, 32, 32)

[sub_resource type="StyleBoxEmpty" id="StyleBoxEmpty_sdi4k"]

[sub_resource type="AtlasTexture" id="AtlasTexture_ggagm"]
atlas = ExtResource("1_oeel7")
region = Rect2(352, 224, 64, 64)

[sub_resource type="StyleBoxTexture" id="StyleBoxTexture_ib6ac"]
texture = SubResource("AtlasTexture_ggagm")
texture_margin_left = 16.0
texture_margin_top = 16.0
texture_margin_right = 16.0
texture_margin_bottom = 16.0
expand_margin_left = 5.0
expand_margin_top = 5.0
expand_margin_bottom = 5.0
modulate_color = Color(1, 0.572549, 0.505882, 1)

[sub_resource type="StyleBoxEmpty" id="StyleBoxEmpty_sfxub"]

[sub_resource type="StyleBoxEmpty" id="StyleBoxEmpty_voakf"]

[sub_resource type="StyleBoxLine" id="StyleBoxLine_dd58y"]
color = Color(1, 1, 1, 1)
thickness = 3

[sub_resource type="AtlasTexture" id="AtlasTexture_x32fh"]
atlas = ExtResource("1_oeel7")
region = Rect2(352, 32, 256, 32)

[sub_resource type="StyleBoxTexture" id="StyleBoxTexture_g3pqs"]
texture = SubResource("AtlasTexture_x32fh")
texture_margin_left = 8.0
texture_margin_top = 8.0
texture_margin_right = 8.0
texture_margin_bottom = 8.0

[sub_resource type="AtlasTexture" id="AtlasTexture_3xsx3"]
atlas = ExtResource("1_oeel7")
region = Rect2(256, 32, 64, 64)

[sub_resource type="StyleBoxTexture" id="StyleBoxTexture_bcy2l"]
texture = SubResource("AtlasTexture_3xsx3")
texture_margin_left = 8.0
texture_margin_top = 8.0
texture_margin_right = 8.0
texture_margin_bottom = 8.0

[sub_resource type="AtlasTexture" id="AtlasTexture_ypwcy"]
atlas = ExtResource("1_oeel7")
region = Rect2(448, 480, 288, 48)

[sub_resource type="StyleBoxTexture" id="StyleBoxTexture_x1a8t"]
texture = SubResource("AtlasTexture_ypwcy")
texture_margin_left = 1.0
texture_margin_top = 1.0
texture_margin_right = 1.0
texture_margin_bottom = 1.0
modulate_color = Color(0.419608, 0, 0, 0)

[sub_resource type="AtlasTexture" id="AtlasTexture_4wnri"]
atlas = ExtResource("1_oeel7")
region = Rect2(680, 32, 16, 64)

[sub_resource type="StyleBoxTexture" id="StyleBoxTexture_gistt"]
texture = SubResource("AtlasTexture_4wnri")
texture_margin_top = 16.0
texture_margin_bottom = 16.0

[sub_resource type="AtlasTexture" id="AtlasTexture_6ooor"]
atlas = ExtResource("1_oeel7")
region = Rect2(640, 32, 16, 256)

[sub_resource type="StyleBoxTexture" id="StyleBoxTexture_psm3m"]
texture = SubResource("AtlasTexture_6ooor")
texture_margin_left = 8.0
texture_margin_top = 8.0
texture_margin_right = 8.0
texture_margin_bottom = 8.0

[resource]
default_font = ExtResource("4_sqdwu")
default_font_size = 24
Button/colors/font_color = Color(0.875, 0.875, 0.875, 1)
Button/colors/font_disabled_color = Color(0.875, 0.875, 0.875, 0.5)
Button/colors/font_focus_color = Color(1, 0.572549, 0.505882, 1)
Button/colors/font_hover_color = Color(1, 0.572549, 0.505882, 1)
Button/colors/font_pressed_color = Color(1, 1, 1, 1)
Button/constants/h_separation = 2
Button/styles/disabled = SubResource("StyleBoxTexture_1ydfs")
Button/styles/focus = SubResource("StyleBoxTexture_6kmrq")
Button/styles/hover = SubResource("StyleBoxTexture_bh7eu")
Button/styles/normal = SubResource("StyleBoxTexture_t2h07")
Button/styles/pressed = SubResource("StyleBoxTexture_8ol8n")
CheckBox/icons/checked = SubResource("AtlasTexture_xg4ni")
CheckBox/icons/unchecked = SubResource("AtlasTexture_7c63j")
CheckBox/styles/disabled = SubResource("StyleBoxEmpty_sdi4k")
CheckBox/styles/focus = SubResource("StyleBoxTexture_ib6ac")
CheckBox/styles/normal = SubResource("StyleBoxEmpty_sfxub")
CheckBox/styles/pressed = SubResource("StyleBoxEmpty_voakf")
HSeparator/styles/separator = SubResource("StyleBoxLine_dd58y")
HSlider/styles/grabber_area = ExtResource("2_a1155")
HSlider/styles/grabber_area_highlight = ExtResource("2_a1155")
HSlider/styles/slider = SubResource("StyleBoxTexture_g3pqs")
Label/fonts/font = ExtResource("3_lf0g3")
LineEdit/fonts/font = ExtResource("3_lf0g3")
LineEdit/styles/focus = ExtResource("4_vyn3m")
LineEdit/styles/normal = ExtResource("4_vyn3m")
Panel/styles/panel = SubResource("StyleBoxTexture_bcy2l")
PanelContainer/styles/panel = SubResource("StyleBoxTexture_x1a8t")
ProgressBar/styles/background = ExtResource("5_e7nc4")
ProgressBar/styles/fill = ExtResource("5_e7nc4")
VScrollBar/styles/grabber = SubResource("StyleBoxTexture_gistt")
VScrollBar/styles/scroll = SubResource("StyleBoxTexture_psm3m")
